<record><leader>00000cas a22000007a 4500</leader><controlfield tag="001">18386188</controlfield><controlfield tag="008">880822d18411844ohudn ne      0    0eng d</controlfield><datafield ind1=" " ind2=" " tag="010"><subfield code="a">sn 88077797 </subfield></datafield><datafield ind1=" " ind2=" " tag="040"><subfield code="a">ONP</subfield><subfield code="b">eng</subfield><subfield code="c">ONP</subfield><subfield code="d">HUL</subfield><subfield code="d">NVK</subfield><subfield code="d">OCL</subfield><subfield code="d">OCLCQ</subfield><subfield code="d">OCLCF</subfield><subfield code="d">OCLCO</subfield></datafield><datafield ind1=" " ind2=" " tag="042"><subfield code="a">msc</subfield></datafield><datafield ind1=" " ind2=" " tag="043"><subfield code="a">n-us-oh</subfield></datafield><datafield ind1="0" ind2=" " tag="130"><subfield code="a">Daily Ohio State journal (Columbus, Ohio : 1841)</subfield></datafield><datafield ind1="1" ind2="4" tag="245"><subfield code="a">The Daily Ohio State journal.</subfield></datafield><datafield ind1="1" ind2=" " tag="246"><subfield code="i">Published as:</subfield><subfield code="a">Ohio State Journal</subfield><subfield code="f">Sept 12-Dec 2, 1843</subfield></datafield><datafield ind1=" " ind2=" " tag="260"><subfield code="a">Columbus [Ohio] :</subfield><subfield code="b">Charles Scott,</subfield><subfield code="c">1841-1844.</subfield></datafield><datafield ind1=" " ind2=" " tag="300"><subfield code="a">v.</subfield></datafield><datafield ind1=" " ind2=" " tag="310"><subfield code="a">Daily (except Sun.)</subfield></datafield><datafield ind1="0" ind2=" " tag="362"><subfield code="a">Vol. 5, no. 26 (Sept. 30, 1841)-v. 7, no. 148 (Mar. 14, 1844).</subfield></datafield><datafield ind1=" " ind2=" " tag="530"><subfield code="a">Also issued on microfilm by UMI and Library of Congress Photoduplication Service.</subfield></datafield><datafield ind1=" " ind2=" " tag="580"><subfield code="a">Weekly eds.: Ohio State journal (Columbus, Ohio : 1839 : Weekly), 1841; and: Weekly Ohio State journal (Columbus, Ohio : 1841), 1841-1844.</subfield></datafield><datafield ind1=" " ind2="0" tag="651"><subfield code="a">Columbus (Ohio)</subfield><subfield code="v">Newspapers.</subfield></datafield><datafield ind1=" " ind2="0" tag="651"><subfield code="a">Franklin County (Ohio)</subfield><subfield code="v">Newspapers.</subfield></datafield><datafield ind1=" " ind2="7" tag="655"><subfield code="a">Newspapers.</subfield><subfield code="2">fast</subfield><subfield code="0">(OCoLC)fst01423814</subfield></datafield><datafield ind1=" " ind2="7" tag="651"><subfield code="a">Ohio</subfield><subfield code="z">Columbus.</subfield><subfield code="2">fast</subfield><subfield code="0">(OCoLC)fst01205076</subfield></datafield><datafield ind1=" " ind2="7" tag="651"><subfield code="a">Ohio</subfield><subfield code="z">Franklin County.</subfield><subfield code="2">fast</subfield><subfield code="0">(OCoLC)fst01209686</subfield></datafield><datafield ind1=" " ind2=" " tag="752"><subfield code="a">United States</subfield><subfield code="b">Ohio</subfield><subfield code="c">Franklin</subfield><subfield code="d">Columbus.</subfield></datafield><datafield ind1="1" ind2=" " tag="775"><subfield code="t">Ohio State journal (Columbus, Ohio : 1839 : Weekly)</subfield><subfield code="w">(DLC)sn 84028625</subfield></datafield><datafield ind1="1" ind2=" " tag="775"><subfield code="t">Weekly Ohio State journal (Columbus, Ohio : 1841)</subfield><subfield code="w">(DLC)sn 85025897</subfield></datafield><datafield ind1="0" ind2="0" tag="780"><subfield code="t">Ohio State journal (Columbus, Ohio : 1839 : Semiweekly)</subfield><subfield code="w">(DLC)sn 88077796</subfield></datafield><datafield ind1="0" ind2="0" tag="785"><subfield code="t">Ohio State journal (Columbus, Ohio : 1844)</subfield><subfield code="w">(DLC)sn 88077798</subfield><subfield code="w">(OCoLC)18386201</subfield></datafield></record>